<?xml version="1.0" encoding="UTF-8"?><collection xmlns="http://www.loc.gov/MARC21/slim"><record><leader>00344nam--2200121-i-4500</leader><controlfield tag="001">000040496</controlfield><controlfield tag="002">20161230</controlfield><controlfield tag="005">20161230201042</controlfield><controlfield tag="008">060222s1000------------r-----000-0-eng-d</controlfield><datafield ind1=" " ind2=" " tag="100"><subfield code="a">Schaefer,Johannes</subfield></datafield><datafield ind1=" " ind2=" " tag="245"><subfield code="a">Rectifier circuits:theory and design</subfield></datafield><datafield ind1=" " ind2=" " tag="260"><subfield code="a">New York, John Wiley &amp; Sons, Inc.,1965. Xix + 347 P. + 25 P. + Scheme</subfield></datafield><datafield ind1=" " ind2=" " tag="852"><subfield code="a">22039</subfield></datafield></record></collection>